<record><leader>00000cas a22000007a 4500</leader><controlfield tag="001">13922585</controlfield><controlfield tag="008">860724c19619999paudn ne      0    0eng d</controlfield><datafield ind1=" " ind2=" " tag="010"><subfield code="a">sn 86081717 </subfield></datafield><datafield ind1=" " ind2=" " tag="040"><subfield code="a">NPH</subfield><subfield code="b">eng</subfield><subfield code="c">NPH</subfield><subfield code="d">OCLCQ</subfield></datafield><datafield ind1=" " ind2=" " tag="042"><subfield code="a">msc</subfield></datafield><datafield ind1="0" ind2="4" tag="245"><subfield code="a">The Milton standard.</subfield></datafield><datafield ind1="1" ind2="3" tag="246"><subfield code="a">Milton standard combined temporarily with Union County journal</subfield></datafield><datafield ind1=" " ind2=" " tag="260"><subfield code="a">Milton, Pa. :</subfield><subfield code="b">Standard Print. Co.,</subfield><subfield code="c">1961-</subfield></datafield><datafield ind1=" " ind2=" " tag="300"><subfield code="a">v.</subfield></datafield><datafield ind1=" " ind2=" " tag="310"><subfield code="a">Daily (except Sunday)</subfield></datafield><datafield ind1="0" ind2=" " tag="362"><subfield code="a">Seventy second yr., no. 21,909 (May 3, 1961)-</subfield></datafield><datafield ind1=" " ind2=" " tag="500"><subfield code="a">Variant title: Milton standard combined temporarily with Union County journal, June 30, 1972.</subfield></datafield><datafield ind1=" " ind2=" " tag="752"><subfield code="a">United States</subfield><subfield code="b">Pennsylvania</subfield><subfield code="c">Northumberland</subfield><subfield code="d">Milton.</subfield></datafield><datafield ind1="0" ind2="0" tag="780"><subfield code="t">Milton evening standard (Milton, Pa. : 1941)</subfield><subfield code="w">(DLC)sn 86081716</subfield></datafield></record>